<record><leader>00000cas a22000007a 4500</leader><controlfield tag="001">47138949</controlfield><controlfield tag="008">010615c19899999nyuen ne      0    0eng d</controlfield><datafield ind1=" " ind2=" " tag="010"><subfield code="a">sn2001061826</subfield></datafield><datafield ind1=" " ind2=" " tag="040"><subfield code="a">VJN</subfield><subfield code="b">eng</subfield><subfield code="c">VJN</subfield><subfield code="d">NYS</subfield><subfield code="d">OCLCQ</subfield><subfield code="d">OCLCF</subfield><subfield code="d">OCLCO</subfield></datafield><datafield ind1="1" ind2=" " tag="029"><subfield code="a">AU@</subfield><subfield code="b">000022850305</subfield></datafield><datafield ind1=" " ind2=" " tag="042"><subfield code="a">msc</subfield></datafield><datafield ind1=" " ind2=" " tag="043"><subfield code="a">n-us-ny</subfield></datafield><datafield ind1="0" ind2=" " tag="130"><subfield code="a">Chronicle (Albany, N.Y.)</subfield></datafield><datafield ind1="1" ind2="4" tag="245"><subfield code="a">The chronicle.</subfield></datafield><datafield ind1=" " ind2=" " tag="260"><subfield code="a">Albany, N.Y. :</subfield><subfield code="b">College of Saint Rose,</subfield><subfield code="c">1989-</subfield></datafield><datafield ind1=" " ind2=" " tag="300"><subfield code="a">v. :</subfield><subfield code="b">ill.</subfield></datafield><datafield ind1=" " ind2=" " tag="310"><subfield code="a">Biweekly (during the college year)</subfield></datafield><datafield ind1="0" ind2=" " tag="362"><subfield code="a">Vol. 54, no. 1 (Aug. 24, 1989)-</subfield></datafield><datafield ind1="1" ind2=" " tag="490"><subfield code="a">The College of Saint Rose student newspapers</subfield></datafield><datafield ind1=" " ind2=" " tag="500"><subfield code="a">Currently issued on Thursdays with a complementary copy of the Times union; available in reading room (1st floor).</subfield></datafield><datafield ind1=" " ind2=" " tag="506"><subfield code="a">Previous issues also available in Archives (3rd floor) and microfilm (2nd floor).</subfield></datafield><datafield ind1=" " ind2=" " tag="515"><subfield code="a">Numbering irregular: Dec. 1995, v. X; Sept. 1996, v. XI; Sept. 1997, v. XIII; Sept. 1998, v. XIV; Jan. 1999, v. XV; Sept. 1999, v. XVI.</subfield></datafield><datafield ind1=" " ind2=" " tag="530"><subfield code="a">Also issued on microfilm from the New York State Library.</subfield></datafield><datafield ind1=" " ind2=" " tag="588"><subfield code="a">Latest issue consulted: Vol. 16, issue 6 (Dec. 9, 1999).</subfield></datafield><datafield ind1="2" ind2="0" tag="610"><subfield code="a">College of Saint Rose (Albany, N.Y.)</subfield></datafield><datafield ind1=" " ind2="0" tag="650"><subfield code="a">College student newspapers and periodicals</subfield><subfield code="z">New York (State)</subfield><subfield code="z">Albany.</subfield></datafield><datafield ind1=" " ind2="0" tag="651"><subfield code="a">Albany (N.Y.)</subfield><subfield code="v">Newspapers.</subfield></datafield><datafield ind1=" " ind2="0" tag="651"><subfield code="a">Albany County (N.Y.)</subfield><subfield code="v">Newspapers.</subfield></datafield><datafield ind1=" " ind2="7" tag="655"><subfield code="a">College student newspapers</subfield><subfield code="z">New York (State)</subfield><subfield code="z">Albany.</subfield><subfield code="2">ngl</subfield></datafield><datafield ind1=" " ind2="7" tag="655"><subfield code="a">Newspapers.</subfield><subfield code="2">fast</subfield><subfield code="0">(OCoLC)fst01423814</subfield></datafield><datafield ind1="2" ind2="7" tag="610"><subfield code="a">College of Saint Rose (Albany, N.Y.)</subfield><subfield code="2">fast</subfield><subfield code="0">(OCoLC)fst00602220</subfield></datafield><datafield ind1=" " ind2="7" tag="650"><subfield code="a">College student newspapers and periodicals.</subfield><subfield code="2">fast</subfield><subfield code="0">(OCoLC)fst00867966</subfield></datafield><datafield ind1=" " ind2="7" tag="651"><subfield code="a">New York (State)</subfield><subfield code="z">Albany.</subfield><subfield code="2">fast</subfield><subfield code="0">(OCoLC)fst01225716</subfield></datafield><datafield ind1=" " ind2="7" tag="651"><subfield code="a">New York (State)</subfield><subfield code="z">Albany County.</subfield><subfield code="2">fast</subfield><subfield code="0">(OCoLC)fst01210357</subfield></datafield><datafield ind1="2" ind2=" " tag="710"><subfield code="a">College of Saint Rose (Albany, N.Y.)</subfield></datafield><datafield ind1="0" ind2=" " tag="730"><subfield code="a">Times-union (Albany, N.Y.)</subfield></datafield><datafield ind1=" " ind2=" " tag="752"><subfield code="a">United States</subfield><subfield code="b">New York</subfield><subfield code="c">Albany</subfield><subfield code="d">Albany.</subfield></datafield><datafield ind1="0" ind2="0" tag="780"><subfield code="t">Inscape (Albany, N.Y. : 1975)</subfield><subfield code="w">(DLC)sn2001061825</subfield><subfield code="w">(OCoLC)47171104</subfield></datafield><datafield ind1=" " ind2="0" tag="830"><subfield code="a">College of Saint Rose student newspapers.</subfield></datafield></record>